@article{Nakamura2016,
    title = {{A developmental coordinate of pluripotency among mice, monkeys and humans}},
    year = {2016},
    journal = {Nature},
    author = {Nakamura, Tomonori and Okamoto, Ikuhiro and Sasaki, Kotaro and Yabuta, Yukihiro and Iwatani, Chizuru and Tsuchiya, Hideaki and Seita, Yasunari and Nakamura, Shinichiro and Yamamoto, Takuya and Saitou, Mitinori},
    number = {7618},
    pages = {57--62},
    volume = {537},
    url = {https://doi.org/10.1038/nature19096},
    doi = {10.1038/nature19096},
    issn = {1476-4687}
}

@article{Stavridis2007,
    title = {{A discrete period of FGF-induced Erk1/2 signalling is required for vertebrate neural specification}},
    year = {2007},
    journal = {Development},
    author = {Stavridis, Marios P. and Lunn, J. Simon and Collins, Barry J. and Storey, Kate G.},
    number = {16},
    month = {8},
    pages = {2889--2894},
    volume = {134},
    doi = {10.1242/dev.02858},
    issn = {1477-9129}
}

@book{Redner2001,
    title = {{A Guide to First-Passage Processes}},
    year = {2001},
    author = {Redner, Sidney},
    month = {8},
    publisher = {Cambridge University Press},
    isbn = {9780521652483},
    doi = {10.1017/CBO9780511606014}
}

@article{Singh2007,
    title = {{A Heterogeneous Expression Pattern for Nanog in Embryonic Stem Cells}},
    year = {2007},
    journal = {Stem Cells},
    author = {Singh, Amar M. and Hamazaki, Takashi and Hankowski, Katherine E. and Terada, Naohiro},
    number = {10},
    month = {10},
    pages = {2534--2542},
    volume = {25},
    publisher = {Oxford University Press (OUP)},
    doi = {10.1634/stemcells.2007-0126},
    issn = {1066-5099},
    pmid = {17615266}
}

@article{Goglia2020,
    title = {{A Live-Cell Screen for Altered Erk Dynamics Reveals Principles of Proliferative Control}},
    year = {2020},
    journal = {Cell Systems},
    author = {Goglia, Alexander G. and Wilson, Maxwell Z. and Jena, Siddhartha G. and Silbert, Jillian and Basta, Lena P. and Devenport, Danelle and Toettcher, Jared E.},
    number = {3},
    month = {3},
    pages = {240--253},
    volume = {10},
    publisher = {Cell Press},
    doi = {10.1016/j.cels.2020.02.005},
    issn = {24054720},
    pmid = {32191874},
    keywords = {Erk, Ras, cell proliferation, cell signaling, cellular decision-making, optogenetics, receptor tyrosine kinase, signal processing, single-cell dynamics}
}

@article{Goglia2020b,
    title = {{A Live-Cell Screen for Altered Erk Dynamics Reveals Principles of Proliferative Control}},
    year = {2020},
    journal = {Cell Systems},
    author = {Goglia, Alexander G. and Wilson, Maxwell Z. and Jena, Siddhartha G. and Silbert, Jillian and Basta, Lena P. and Devenport, Danelle and Toettcher, Jared E.},
    number = {3},
    month = {3},
    pages = {240--253},
    volume = {10},
    publisher = {Cell Press},
    doi = {10.1016/j.cels.2020.02.005},
    issn = {24054720},
    pmid = {32191874},
    keywords = {Erk, Ras, cell proliferation, cell signaling, cellular decision-making, optogenetics, receptor tyrosine kinase, signal processing, single-cell dynamics}
}

@article{Tsukiyama2014,
    title = {{A Modified EpiSC Culture Condition Containing a GSK3 Inhibitor Can Support Germline-Competent Pluripotency in Mice}},
    year = {2014},
    journal = {PLoS ONE},
    author = {Tsukiyama, Tomoyuki and Ohinata, Yasuhide},
    number = {4},
    month = {4},
    pages = {e95329},
    volume = {9},
    doi = {10.1371/journal.pone.0095329},
    issn = {1932-6203}
}

@article{Torrence1998,
    title = {{A Practical Guide to Wavelet Analysis}},
    year = {1998},
    journal = {Bulletin of the American Meteorological Society},
    author = {Torrence, Christopher and Compo, Gilbert P.},
    number = {1},
    month = {1},
    pages = {61--78},
    volume = {79},
    doi = {10.1175/1520-0477(1998)079<0061:APGTWA>2.0.CO;2},
    issn = {0003-0007}
}

@article{Fleming1987,
    title = {{A quantitative analysis of cell allocation to trophectoderm and inner cell mass in the mouse blastocyst}},
    year = {1987},
    journal = {Developmental Biology},
    author = {Fleming, Tom P.},
    number = {2},
    month = {2},
    pages = {520--531},
    volume = {119},
    doi = {10.1016/0012-1606(87)90055-8},
    issn = {00121606}
}

@article{DeLaCova2017,
    title = {{A Real-Time Biosensor for ERK Activity Reveals Signaling Dynamics during C. elegans Cell Fate Specification}},
    year = {2017},
    journal = {Developmental Cell},
    author = {de la Cova, Claire and Townley, Robert and Regot, Sergi and Greenwald, Iva},
    number = {5},
    month = {9},
    pages = {542--553},
    volume = {42},
    publisher = {Cell Press},
    doi = {10.1016/j.devcel.2017.07.014},
    issn = {18781551},
    pmid = {28826819},
    keywords = {C. elegans, ERK, biosensor, extracellular signal-regulated kinase, kinase translocation reporter, vulval development}
}

@article{Morgani2018,
    title = {{A Sprouty4 reporter to monitor FGF/ERK signaling activity in ESCs and mice}},
    year = {2018},
    journal = {Developmental Biology},
    author = {Morgani, Sophie M. and Saiz, Nestor and Garg, Vidur and Raina, Dhruv and Simon, Claire S. and Kang, Minjung and Arias, Alfonso Martinez and Nichols, Jennifer and Schr{\"{o}}ter, Christian and Hadjantonakis, Anna-Katerina},
    number = {1},
    month = {9},
    pages = {104--126},
    volume = {441},
    doi = {10.1016/j.ydbio.2018.06.017},
    issn = {00121606}
}

@article{Westendorf2013,
    title = {{Actin cytoskeleton of chemotactic amoebae operates close to the onset of oscillations}},
    year = {2013},
    journal = {Proceedings of the National Academy of Sciences of the United States of America},
    author = {Westendorf, Christian and Negrete, Jose and Bae, Albert J. and Sandmann, Rabea and Bodenschatz, Eberhard and Beta, Carsten},
    number = {10},
    month = {3},
    pages = {3853--3858},
    volume = {110},
    doi = {10.1073/pnas.1216629110},
    issn = {00278424},
    pmid = {23431176},
    keywords = {Caged cAMP, Delay-differential equation, Dictyostelium discoideum, Microfluidics}
}

@book{Alon2006,
    title = {{An Introduction to Systems Biology}},
    year = {2006},
    author = {Alon, Uri},
    month = {7},
    publisher = {Chapman and Hall/CRC},
    isbn = {9780429092794},
    doi = {10.1201/9781420011432}
}

@article{Antebi2017,
    title = {{An operational view of intercellular signaling pathways}},
    year = {2017},
    journal = {Current Opinion in Systems Biology},
    author = {Antebi, Yaron E. and Nandagopal, Nagarajan and Elowitz, Michael B.},
    month = {2},
    pages = {16--24},
    volume = {1},
    publisher = {Elsevier Ltd},
    doi = {10.1016/j.coisb.2016.12.003},
    issn = {24523100}
}

@article{Schrode2013,
    title = {{Anatomy of a blastocyst: Cell behaviors driving cell fate choice and morphogenesis in the early mouse embryo}},
    year = {2013},
    journal = {Genesis},
    author = {Schrode, Nadine and Xenopoulos, Panagiotis and Piliszek, Anna and Frankenberg, Stephen and Plusa, Berenika and Hadjantonakis, Anna Katerina},
    number = {4},
    month = {4},
    pages = {219--233},
    volume = {51},
    doi = {10.1002/dvg.22368},
    issn = {1526954X},
    pmid = {23349011},
    keywords = {Blastocyst, Cell lineage commitment, Epiblast, Inner cell mass, Morula, Mouse embryo, Preimplantation, Primitive endoderm, Trophectoderm}
}

@article{Csillery2010,
    title = {{Approximate Bayesian Computation (ABC) in practice}},
    year = {2010},
    journal = {Trends in Ecology {\&} Evolution},
    author = {Csill{\'{e}}ry, Katalin and Blum, Michael G.B. and Gaggiotti, Oscar E. and Fran{\c{c}}ois, Olivier},
    number = {7},
    month = {7},
    pages = {410--418},
    volume = {25},
    doi = {10.1016/j.tree.2010.04.001},
    issn = {01695347}
}

@article{Toni2009,
    title = {{Approximate Bayesian computation scheme for parameter inference and model selection in dynamical systems}},
    year = {2009},
    journal = {Journal of The Royal Society Interface},
    author = {Toni, Tina and Welch, David and Strelkowa, Natalja and Ipsen, Andreas and Stumpf, Michael P.H},
    number = {31},
    month = {2},
    pages = {187--202},
    volume = {6},
    doi = {10.1098/rsif.2008.0172},
    issn = {1742-5689}
}

@misc{Harris2020,
    title = {{Array programming with NumPy}},
    year = {2020},
    booktitle = {Nature},
    author = {Harris, Charles R. and Millman, K. Jarrod and van der Walt, Stéfan J. and Gommers, Ralf and Virtanen, Pauli and Cournapeau, David and Wieser, Eric and Taylor, Julian and Berg, Sebastian and Smith, Nathaniel J. and Kern, Robert and Picus, Matti and Hoyer, Stephan and van Kerkwijk, Marten H. and Brett, Matthew and Haldane, Allan and del R{\'{i}}o, Jaime Fernández and Wiebe, Mark and Peterson, Pearu and G{\'{e}}rard-Marchant, Pierre and Sheppard, Kevin and Reddy, Tyler and Weckesser, Warren and Abbasi, Hameer and Gohlke, Christoph and Oliphant, Travis E.},
    number = {7825},
    month = {9},
    pages = {357--362},
    volume = {585},
    publisher = {Nature Research},
    doi = {10.1038/s41586-020-2649-2},
    issn = {14764687},
    pmid = {32939066},
    arxivId = {2006.10256}
}

@article{Saiz2016,
    title = {{Asynchronous fate decisions by single cells collectively ensure consistent lineage composition in the mouse blastocyst}},
    year = {2016},
    journal = {Nature Communications},
    author = {Saiz, Néstor and Williams, Kiah M. and Seshan, Venkatraman E. and Hadjantonakis, Anna-Katerina},
    number = {1},
    month = {12},
    pages = {13463},
    volume = {7},
    doi = {10.1038/ncomms13463},
    issn = {2041-1723}
}

@article{Camalet2000,
    title = {{Auditory sensitivity provided by self-tuned critical oscillations of hair cells}},
    year = {2000},
    journal = {Proceedings of the National Academy of Sciences},
    author = {Camalet, Sébastien and Duke, Thomas and J{\"{u}}licher, Frank and Prost, Jacques},
    number = {7},
    pages = {3183--3188},
    volume = {97},
    url = {https://www.pnas.org/doi/abs/10.1073/pnas.97.7.3183},
    doi = {10.1073/pnas.97.7.3183}
}

@article{Beddington1999,
    title = {{Axis Development and Early Asymmetry in Mammals}},
    year = {1999},
    journal = {Cell},
    author = {Beddington, Rosa S.P and Robertson, Elizabeth J},
    number = {2},
    month = {1},
    pages = {195--209},
    volume = {96},
    url = {https://linkinghub.elsevier.com/retrieve/pii/S0092867400805607},
    doi = {10.1016/S0092-8674(00)80560-7},
    issn = {00928674}
}

@article{Alm2003,
    title = {{Biological networks}},
    year = {2003},
    journal = {Current Opinion in Structural Biology},
    author = {Alm, E},
    number = {2},
    month = {4},
    pages = {193--202},
    volume = {13},
    doi = {10.1016/S0959-440X(03)00031-9},
    issn = {0959440X}
}

@article{Ying2003,
    title = {{BMP Induction of Id Proteins Suppresses Differentiation and Sustains Embryonic Stem Cell Self-Renewal in Collaboration with STAT3}},
    year = {2003},
    journal = {Cell},
    author = {Ying, Qi-Long and Nichols, Jennifer and Chambers, Ian and Smith, Austin},
    number = {3},
    month = {10},
    pages = {281--292},
    volume = {115},
    doi = {10.1016/S0092-8674(03)00847-X},
    issn = {00928674}
}

@article{Bugaj2018,
    title = {{Cancer mutations and targeted drugs can disrupt dynamic signal encoding by the Ras-Erk pathway}},
    year = {2018},
    journal = {Science},
    author = {Bugaj, L. J. and Sabnis, A. J. and Mitchell, A. and Garbarino, J. E. and Toettcher, J. E. and Bivona, T. G. and Lim, W. A.},
    number = {6405},
    month = {8},
    volume = {361},
    doi = {10.1126/science.aao3048},
    issn = {0036-8075}
}

@article{Waisman2019,
    title = {{Cell cycle dynamics of mouse embryonic stem cells in the ground state and during transition to formative pluripotency}},
    year = {2019},
    journal = {Scientific Reports},
    author = {Waisman, Ariel and Sevlever, Federico and El{\'{i}}as Costa, Martín and Cosentino, María Soledad and Miriuka, Santiago G. and Ventura, Alejandra C. and Guberman, Alejandra S.},
    number = {1},
    month = {12},
    pages = {8051},
    volume = {9},
    doi = {10.1038/s41598-019-44537-0},
    issn = {2045-2322}
}

@article{Koseska2017,
    title = {{Cell signaling as a cognitive process}},
    year = {2017},
    journal = {The EMBO Journal},
    author = {Koseska, Aneta and Bastiaens, Philippe IH},
    number = {5},
    month = {3},
    pages = {568--582},
    volume = {36},
    publisher = {EMBO},
    doi = {10.15252/embj.201695383},
    issn = {0261-4189},
    pmid = {28137748}
}

@article{Raina2021,
    title = {{Cell-cell communication through FGF4 generates and maintains robust proportions of differentiated cell types in embryonic stem cells}},
    year = {2021},
    journal = {Development},
    author = {Raina, Dhruv and Bahadori, Azra and Stanoev, Angel and Protzek, Michelle and Koseska, Aneta and Schr{\"{o}}ter, Christian},
    number = {21},
    month = {11},
    volume = {148},
    doi = {10.1242/dev.199926},
    issn = {0950-1991}
}

@article{Pokrass2020,
    title = {{Cell-Cycle-Dependent ERK Signaling Dynamics Direct Fate Specification in the Mammalian Preimplantation Embryo}},
    year = {2020},
    journal = {Developmental Cell},
    author = {Pokrass, Michael J. and Ryan, Kathleen A. and Xin, Tianchi and Pielstick, Brittany and Timp, Winston and Greco, Valentina and Regot, Sergi},
    number = {3},
    month = {11},
    pages = {328--340},
    volume = {55},
    publisher = {Cell Press},
    doi = {10.1016/j.devcel.2020.09.013},
    issn = {18781551},
    pmid = {33091369},
    keywords = {ERK, NANOG, blastocyst, cell cycle, embryonic stem cells, preimplantation development, signaling dynamics}
}

@article{Ohnishi2014,
    title = {{Cell-to-cell expression variability followed by signal reinforcement progressively segregates early mouse lineages}},
    year = {2014},
    journal = {Nature Cell Biology},
    author = {Ohnishi, Yusuke and Huber, Wolfgang and Tsumura, Akiko and Kang, Minjung and Xenopoulos, Panagiotis and Kurimoto, Kazuki and Ole{\aa}, Andrzej K. and Ara{\'{u}}zo-Bravo, Marcos J. and Saitou, Mitinori and Hadjantonakis, Anna Katerina and Hiiragi, Takashi},
    number = {1},
    month = {1},
    pages = {27--37},
    volume = {16},
    doi = {10.1038/ncb2881},
    issn = {14657392}
}

@incollection{TimeSeries1972,
    title = {{Chapter 3 Time Series}},
    year = {1972},
    booktitle = {Mathematics in Science and Engineering},
    editor = {Mihram, G. Arthur},
    pages = {147--180},
    volume = {92},
    publisher = {Elsevier},
    doi = {10.1016/S0076-5392(08)61351-X}
}

@article{Li2019,
    title = {{Communication codes in developmental signaling pathways}},
    year = {2019},
    journal = {Development},
    author = {Li, Pulin and Elowitz, Michael B.},
    editor = {Klein, Allon and Treutlein, Barbara},
    number = {12},
    month = {6},
    pages = {dev170977},
    volume = {146},
    publisher = {The Company of Biologists Ltd},
    url = {https://journals.biologists.com/dev/article/146/12/dev170977/19447/Communication-codes-in-developmental-signaling},
    doi = {10.1242/dev.170977},
    issn = {1477-9129},
    keywords = {*Cell Communication, *Communication codes, *Pathway architecture, *Signal Transduction, *Signal processing, Animals, Developmental Biology/methods/*trends, Drug Design, Humans, Ligands, Mice, Models, Biological, Protein Engineering, Regenerative Medicine/trends, Single-Cell Analysis/*methods, Stochastic Processes},
    language = {eng}
}

@article{Orton2005,
    title = {{Computational modelling of the receptor-tyrosine-kinase-activated MAPK pathway}},
    year = {2005},
    journal = {Biochemical Journal},
    author = {Orton, Richard J. and Sturm, Oliver E. and Vyshemirsky, Vladislav and Calder, Muffy and Gilbert, David R. and Kolch, Walter},
    number = {2},
    month = {12},
    pages = {249--261},
    volume = {392},
    doi = {10.1042/BJ20050908},
    issn = {0264-6021}
}

@article{Johnson1996,
    title = {{Control by phosphorylation}},
    year = {1996},
    journal = {Current Opinion in Structural Biology},
    author = {Johnson, Louise N and O'Reilly, Marc},
    number = {6},
    month = {12},
    pages = {762--769},
    volume = {6},
    doi = {10.1016/S0959-440X(96)80005-4},
    issn = {0959440X}
}

@article{Schlessinger2000,
    title = {{Crystal Structure of a Ternary FGF-FGFR-Heparin Complex Reveals a Dual Role for Heparin in FGFR Binding and Dimerization}},
    year = {2000},
    journal = {Molecular Cell},
    author = {Schlessinger, Joseph and Plotnikov, Alexander N. and Ibrahimi, Omar A. and Eliseenkova, Anna V. and Yeh, Brian K. and Yayon, Avner and Linhardt, Robert J. and Mohammadi, Moosa},
    number = {3},
    month = {9},
    pages = {743--750},
    volume = {6},
    doi = {10.1016/S1097-2765(00)00073-3},
    issn = {10972765}
}

@incollection{Ying2003b,
    title = {{Defined Conditions for Neural Commitment and Differentiation}},
    year = {2003},
    author = {Ying, Qi-Long and Smith, Austin G},
    pages = {327--341},
    doi = {10.1016/S0076-6879(03)65023-8}
}

@article{Brons2007,
    title = {{Derivation of pluripotent epiblast stem cells from mammalian embryos}},
    year = {2007},
    journal = {Nature},
    author = {Brons, I. Gabrielle M. and Smithers, Lucy E. and Trotter, Matthew W. B. and Rugg-Gunn, Peter and Sun, Bowen and Chuva de Sousa Lopes, Susana M. and Howlett, Sarah K. and Clarkson, Amanda and Ahrlund-Richter, Lars and Pedersen, Roger A. and Vallier, Ludovic},
    number = {7150},
    month = {7},
    pages = {191--195},
    volume = {448},
    doi = {10.1038/nature05950},
    issn = {0028-0836}
}

@article{Novak2008,
    title = {{Design principles of biochemical oscillators}},
    year = {2008},
    journal = {Nature Reviews Molecular Cell Biology},
    author = {Nov{\'{a}}k, Béla and Tyson, John J},
    number = {12},
    pages = {981--991},
    volume = {9},
    url = {https://doi.org/10.1038/nrm2530},
    doi = {10.1038/nrm2530},
    issn = {1471-0080}
}

@article{Komatsu2011,
    title = {{Development of an optimized backbone of FRET biosensors for kinases and GTPases}},
    year = {2011},
    journal = {Molecular Biology of the Cell},
    author = {Komatsu, Naoki and Aoki, Kazuhiro and Yamada, Masashi and Yukinaga, Hiroko and Fujita, Yoshihisa and Kamioka, Yuji and Matsuda, Michiyuki},
    number = {23},
    month = {12},
    pages = {4647--4656},
    volume = {22},
    doi = {10.1091/mbc.E11-01-0072},
    issn = {10591524},
    pmid = {21976697}
}

@book{Gilbert2006,
    title = {{Developmental Biology}},
    year = {2006},
    editor = {{Scott F. Gilbert}},
    edition = {Eighth Edition},
    volume = {},
    publisher = {Integr Comp Biol.}
}

@article{Dessauges2017,
    title = {{Developmental ERK Signaling Goes Digital}},
    year = {2017},
    journal = {Developmental Cell},
    author = {Dessauges, Coralie and Pertz, Olivier},
    number = {5},
    pages = {443--444},
    volume = {42},
    publisher = {Elsevier Inc.},
    url = {http://dx.doi.org/10.1016/j.devcel.2017.08.023},
    doi = {10.1016/j.devcel.2017.08.023},
    issn = {18781551},
    pmid = {28898676}
}

@article{Grabarek2012,
    title = {{Differential plasticity of epiblast and primitive endoderm precursors within the ICM of the early mouse embryo}},
    year = {2012},
    journal = {Development},
    author = {Grabarek, Joanna B. and {\.{Z}}y{\.{z}}y{\'{n}}ska, Krystyna and Saiz, Néstor and Piliszek, Anna and Frankenberg, Stephen and Nichols, Jennifer and Hadjantonakis, Anna-Katerina and Plusa, Berenika},
    number = {1},
    month = {1},
    pages = {129--139},
    volume = {139},
    doi = {10.1242/dev.067702},
    issn = {1477-9129}
}

@article{Molotkov2017,
    title = {{Distinct Requirements for FGFR1 and FGFR2 in Primitive Endoderm Development and Exit from Pluripotency}},
    year = {2017},
    journal = {Developmental Cell},
    author = {Molotkov, Andrei and Mazot, Pierre and Brewer, J. Richard and Cinalli, Ryan M. and Soriano, Philippe},
    number = {5},
    month = {6},
    pages = {511--526},
    volume = {41},
    publisher = {Cell Press},
    doi = {10.1016/j.devcel.2017.05.004},
    issn = {18781551},
    pmid = {28552557},
    keywords = {FGF, epiblast, pluripotency, primitive endoderm, signaling}
}

@article{Plusa2008,
    title = {{Distinct sequential cell behaviours direct primitive endoderm formation in the mouse blastocyst}},
    year = {2008},
    journal = {Development},
    author = {Plusa, Berenika and Piliszek, Anna and Frankenberg, Stephen and Artus, Jérôme and Hadjantonakis, Anna-Katerina},
    number = {18},
    month = {9},
    pages = {3081--3091},
    volume = {135},
    doi = {10.1242/dev.021519},
    issn = {1477-9129}
}

@article{Dyce1987,
    title = {{Do trophectoderm and inner cell mass cells in the mouse blastocyst maintain discrete lineages?}},
    year = {1987},
    journal = {Development},
    author = {Dyce, J. and George, M. and Goodall, H. and Fleming, T.P.},
    number = {4},
    month = {8},
    pages = {685--698},
    volume = {100},
    url = {https://journals.biologists.com/dev/article/100/4/685/35739/Do-trophectoderm-and-inner-cell-mass-cells-in-the},
    doi = {10.1242/dev.100.4.685},
    issn = {1477-9129},
    keywords = {cell lineage, fluorescent latex microparticles, horseradish peroxidase, inner cell mass, mouse blastocyst, trophectoderm}
}

@article{Hayashi2008,
    title = {{Dynamic Equilibrium and Heterogeneity of Mouse Pluripotent Stem Cells with Distinct Functional and Epigenetic States}},
    year = {2008},
    journal = {Cell Stem Cell},
    author = {Hayashi, Katsuhiko and Lopes, Susana M.Chuva de Sousa and Tang, Fuchou and Surani, M. Azim},
    number = {4},
    month = {10},
    pages = {391--401},
    volume = {3},
    doi = {10.1016/j.stem.2008.07.027},
    issn = {19345909},
    pmid = {18940731},
    keywords = {STEMCELL}
}

@article{Hamilton2019,
    title = {{Dynamic lineage priming is driven via direct enhancer regulation by ERK}},
    year = {2019},
    journal = {Nature},
    author = {Hamilton, William B and Mosesson, Yaron and Monteiro, Rita S and Emdal, Kristina B and Knudsen, Teresa E and Francavilla, Chiara and Barkai, Naama and Olsen, Jesper V and Brickman, Joshua M},
    number = {7782},
    pages = {355--360},
    volume = {575},
    url = {https://doi.org/10.1038/s41586-019-1732-z},
    doi = {10.1038/s41586-019-1732-z},
    issn = {1476-4687}
}

@article{Weinberger2016,
    title = {{Dynamic stem cell states: naive to primed pluripotency in rodents and humans}},
    year = {2016},
    journal = {Nature Reviews Molecular Cell Biology},
    author = {Weinberger, Leehee and Ayyash, Muneef and Novershtern, Noa and Hanna, Jacob H.},
    number = {3},
    month = {3},
    pages = {155--169},
    volume = {17},
    doi = {10.1038/nrm.2015.28},
    issn = {1471-0072}
}

@article{Lindner2004,
    title = {{Effects of noise in excitable systems}},
    year = {2004},
    journal = {Physics Reports},
    author = {Lindner, B},
    number = {6},
    month = {3},
    pages = {321--424},
    volume = {392},
    doi = {10.1016/j.physrep.2003.10.015},
    issn = {03701573}
}

@article{Keller2005,
    title = {{Embryonic stem cell differentiation: emergence of a new era in biology and medicine}},
    year = {2005},
    journal = {Genes {\&} Development},
    author = {Keller, Gordon},
    number = {10},
    month = {5},
    pages = {1129--1155},
    volume = {19},
    url = {http://genesdev.cshlp.org/lookup/doi/10.1101/gad.1303605},
    doi = {10.1101/gad.1303605},
    issn = {0890-9369}
}

@article{Sumi2013,
    title = {{Epiblast Ground State Is Controlled by Canonical Wnt/{$\beta$}-Catenin Signaling in the Postimplantation Mouse Embryo and Epiblast Stem Cells}},
    year = {2013},
    journal = {PLoS ONE},
    author = {Sumi, Tomoyuki and Oki, Shinya and Kitajima, Keiko and Meno, Chikara},
    number = {5},
    month = {5},
    volume = {8},
    doi = {10.1371/journal.pone.0063378},
    issn = {19326203},
    pmid = {23691040}
}

@article{Roux2004,
    title = {{ERK and p38 MAPK-Activated Protein Kinases: a Family of Protein Kinases with Diverse Biological Functions}},
    year = {2004},
    journal = {Microbiology and Molecular Biology Reviews},
    author = {Roux, Philippe P. and Blenis, John},
    number = {2},
    month = {6},
    pages = {320--344},
    volume = {68},
    doi = {10.1128/MMBR.68.2.320-344.2004},
    issn = {1092-2172}
}

@article{Chen2015,
    title = {{Erk signaling is indispensable for genomic stability and self-renewal of mouse embryonic stem cells}},
    year = {2015},
    journal = {Proceedings of the National Academy of Sciences},
    author = {Chen, Haixia and Guo, Renpeng and Zhang, Qian and Guo, Hongchao and Yang, Meng and Wu, Zhenfeng and Gao, Shan and Liu, Lin and Chen, Lingyi},
    number = {44},
    month = {11},
    volume = {112},
    doi = {10.1073/pnas.1516319112},
    issn = {0027-8424}
}

@article{Lavoie2020,
    title = {{ERK signalling: a master regulator of cell behaviour, life and fate}},
    year = {2020},
    journal = {Nature Reviews Molecular Cell Biology},
    author = {Lavoie, Hugo and Gagnon, Jessica and Therrien, Marc},
    number = {10},
    month = {10},
    pages = {607--632},
    volume = {21},
    doi = {10.1038/s41580-020-0255-7},
    issn = {1471-0072}
}

@article{Eguiluz2000,
    title = {{Essential Nonlinearities in Hearing}},
    year = {2000},
    journal = {Physical Review Letters},
    author = {Egu{\'{i}}luz, V M and Ospeck, M and Choe, Y and Hudspeth, A J and Magnasco, M O},
    number = {22},
    month = {5},
    pages = {5232--5235},
    volume = {84},
    publisher = {American Physical Society},
    url = {https://link.aps.org/doi/10.1103/PhysRevLett.84.5232},
    doi = {10.1103/PhysRevLett.84.5232}
}

@article{Evans1981,
    title = {{Establishment in culture of pluripotential cells from mouse embryos}},
    year = {1981},
    journal = {Nature},
    author = {Evans, M J and Kaufman, M H},
    number = {5819},
    pages = {154--156},
    volume = {292},
    url = {https://doi.org/10.1038/292154a0},
    doi = {10.1038/292154a0},
    issn = {1476-4687}
}

@article{Itoh2004,
    title = {{Evolution of the Fgf and Fgfr gene families}},
    year = {2004},
    journal = {Trends in Genetics},
    author = {Itoh, Nobuyuki and Ornitz, David M.},
    number = {11},
    month = {11},
    pages = {563--569},
    volume = {20},
    doi = {10.1016/j.tig.2004.08.007},
    issn = {01689525}
}

@article{Monke2017,
    title = {{Excitability in the p53 network mediates robust signaling with tunable activation thresholds in single cells}},
    year = {2017},
    journal = {Scientific Reports},
    author = {M{\"{o}}nke, Gregor and Cristiano, Elena and Finzel, Ana and Friedrich, Dhana and Herzel, Hanspeter and Falcke, Martin and Loewer, Alexander},
    month = {4},
    volume = {7},
    publisher = {Nature Publishing Group},
    doi = {10.1038/srep46571},
    issn = {20452322},
    pmid = {28417973}
}

@article{Mayr2018,
    title = {{Fast dynamic in vivo monitoring of Erk activity at single cell resolution in DREKA zebrafish}},
    year = {2018},
    journal = {Frontiers in Cell and Developmental Biology},
    author = {Mayr, Vanessa and Sturtzel, Caterina and Stadler, Manuela and Grissenberger, Sarah and Distel, Martin},
    number = {SEP},
    month = {9},
    volume = {6},
    publisher = {Frontiers Media S.A.},
    doi = {10.3389/fcell.2018.00111},
    issn = {2296634X},
    keywords = {ERK activity dynamics, In vivo imaging, In vivo pharmacology, Signaling pathway activation, Wounding, Zebrafish (Danio rerio)}
}

@article{Yamanaka2010,
    title = {{FGF signal-dependent segregation of primitive endoderm and epiblast in the mouse blastocyst}},
    year = {2010},
    journal = {Development},
    author = {Yamanaka, Yojiro and Lanner, Fredrik and Rossant, Janet},
    number = {5},
    month = {3},
    pages = {715--724},
    volume = {137},
    doi = {10.1242/dev.043471},
    issn = {1477-9129}
}

@article{Kunath2007,
    title = {{FGF stimulation of the Erk1/2 signalling cascade triggers transition of pluripotent embryonic stem cells from self-renewal to lineage commitment}},
    year = {2007},
    journal = {Development},
    author = {Kunath, Tilo and Saba-El-Leil, Marc K. and Almousailleakh, Marwa and Wray, Jason and Meloche, Sylvain and Smith, Austin},
    number = {16},
    month = {8},
    pages = {2895--2902},
    volume = {134},
    doi = {10.1242/dev.02880},
    issn = {09501991},
    pmid = {17660198},
    keywords = {Epiblast, Mesoderm induction, Mitogen activated protein kinase, Mouse, Neural induction, Pluripotency}
}

@article{Schroeter2015,
    title = {{FGF/MAPK signaling sets the switching threshold of a bistable circuit controlling cell fate decisions in ES cells}},
    year = {2015},
    journal = {Development},
    author = {Schr{\"{o}}ter, Christian and Ru{\'{e}}, Pau and Mackenzie, Jonathan Peter and Arias, Alfonso Martinez},
    number = {24},
    month = {1},
    pages = {4205--4216},
    volume = {142},
    publisher = {Company of Biologists Ltd},
    url = {https://journals.biologists.com/dev/article/doi/10.1242/dev.127530/256821/FGF-MAPK-signaling-sets-the-switching-threshold-of},
    doi = {10.1242/dev.127530},
    issn = {1477-9129},
    keywords = {Cell fate decision, Dynamic systems, Embryonic stem cells, GATA factor, Live cell imaging, Preimplantation development}
}

@article{Krawchuk2013,
    title = {{FGF4 is a limiting factor controlling the proportions of primitive endoderm and epiblast in the ICM of the mouse blastocyst}},
    year = {2013},
    journal = {Developmental Biology},
    author = {Krawchuk, Dayana and Honma-Yamanaka, Nobuko and Anani, Shihadeh and Yamanaka, Yojiro},
    number = {1},
    month = {12},
    pages = {65--71},
    volume = {384},
    publisher = {Academic Press Inc.},
    doi = {10.1016/j.ydbio.2013.09.023},
    issn = {1095564X},
    pmid = {24063807},
    keywords = {Inner cell mass, Nanog, Salt and pepper, Sox17}
}

@article{Kang2013,
    title = {{FGF4 is required for lineage restriction and salt-and-pepper distribution of primitive endoderm factors but not their initial expression in the mouse}},
    year = {2013},
    journal = {Development},
    author = {Kang, Minjung and Piliszek, Anna and Artus, Jérôme and Hadjantonakis, Anna-Katerina},
    number = {2},
    month = {1},
    pages = {267--279},
    volume = {140},
    url = {https://journals.biologists.com/dev/article/140/2/267/76658/FGF4-is-required-for-lineage-restriction-and-salt},
    doi = {10.1242/dev.084996},
    issn = {1477-9129},
    keywords = {Blastocyst, Cell lineage commitment, Epiblast, FGF, Inner cell mass, Live imaging, Primitive endoderm}
}

@article{Powers2000,
    title = {{Fibroblast growth factors, their receptors and signaling.}},
    year = {2000},
    journal = {Endocrine-related cancer},
    author = {Powers, C J and McLeskey, S W and Wellstein, A},
    month = {9},
    pages = {165--197},
    doi = {10.1677/erc.0.0070165},
    issn = {1351-0088}
}

@article{Albeck2013,
    title = {{Frequency-Modulated Pulses of ERK Activity Transmit Quantitative Proliferation Signals}},
    year = {2013},
    journal = {Molecular Cell},
    author = {Albeck, John G. and Mills, Gordon B. and Brugge, Joan S.},
    number = {2},
    pages = {249--261},
    volume = {49},
    publisher = {Elsevier Inc.},
    url = {http://dx.doi.org/10.1016/j.molcel.2012.11.002},
    doi = {10.1016/j.molcel.2012.11.002},
    issn = {10972765},
    pmid = {23219535},
    arxivId = {NIHMS150003}
}

@article{JaresErijman2003,
    title = {{FRET imaging}},
    year = {2003},
    journal = {Nature Biotechnology},
    author = {Jares-Erijman, Elizabeth A and Jovin, Thomas M},
    number = {11},
    month = {11},
    pages = {1387--1395},
    volume = {21},
    doi = {10.1038/nbt896},
    issn = {1087-0156}
}

@article{DiVentura2006,
    title = {{From in vivo to in silico biology and back}},
    year = {2006},
    journal = {Nature},
    author = {Di Ventura, Barbara and Lemerle, Caroline and Michalodimitrakis, Konstantinos and Serrano, Luis},
    number = {7111},
    month = {10},
    pages = {527--533},
    volume = {443},
    doi = {10.1038/nature05127},
    issn = {0028-0836}
}

@article{Canham2010,
    title = {{Functional heterogeneity of embryonic stem cells revealed through translational amplification of an early endodermal transcript}},
    year = {2010},
    journal = {PLoS Biology},
    author = {Canham, Maurice A. and Sharov, Alexei A. and Ko, Minoru S.H. and Brickman, Joshua M.},
    number = {5},
    month = {5},
    volume = {8},
    doi = {10.1371/journal.pbio.1000379},
    issn = {15449173},
    pmid = {20520791}
}

@article{Tyson2010,
    title = {{Functional Motifs in Biochemical Reaction Networks}},
    year = {2010},
    journal = {Annual Review of Physical Chemistry},
    author = {Tyson, John J. and Nov{\'{a}}k, Béla},
    number = {1},
    month = {3},
    pages = {219--240},
    volume = {61},
    doi = {10.1146/annurev.physchem.012809.103457},
    issn = {0066-426X}
}

@article{Levine2013,
    title = {{Functional Roles of Pulsing in Genetic Circuits}},
    year = {2013},
    journal = {Science},
    author = {Levine, Joe H. and Lin, Yihan and Elowitz, Michael B.},
    number = {6163},
    month = {12},
    pages = {1193--1200},
    volume = {342},
    doi = {10.1126/science.1239999},
    issn = {0036-8075}
}

@article{Thisse2005,
    title = {{Functions and regulations of fibroblast growth factor signaling during embryonic development}},
    year = {2005},
    journal = {Developmental Biology},
    author = {Thisse, Bernard and Thisse, Christine},
    number = {2},
    month = {11},
    pages = {390--402},
    volume = {287},
    doi = {10.1016/j.ydbio.2005.09.011},
    issn = {00121606}
}

@article{Goldfarb1996,
    title = {{Functions of fibroblast growth factors in vertebrate development}},
    year = {1996},
    journal = {Cytokine {\&} Growth Factor Reviews},
    author = {Goldfarb, Mitchell},
    number = {4},
    month = {12},
    pages = {311--325},
    volume = {7},
    doi = {10.1016/S1359-6101(96)00039-1},
    issn = {13596101}
}

@article{Snow1977,
    title = {{Gastrulation in the mouse growth and regionalization of the epi blast}},
    year = {1977},
    journal = {Journal of Embryology and Experimental Morphology},
    author = {Snow, M H L},
    month = {1},
    pages = {293--303},
    volume = {42},
    url = {https://eurekamag.com/research/005/506/005506824.php},
    pmid = {005506824}
}

@article{Brewer2016,
    title = {{Genetic insights into the mechanisms of Fgf signaling}},
    year = {2016},
    journal = {Genes {\&} Development},
    author = {Brewer, J. Richard and Mazot, Pierre and Soriano, Philippe},
    number = {7},
    month = {4},
    pages = {751--771},
    volume = {30},
    url = {http://genesdev.cshlp.org/lookup/doi/10.1101/gad.277137.115},
    doi = {10.1101/gad.277137.115},
    issn = {0890-9369}
}

@article{Xue2013,
    title = {{Global expression profiling reveals genetic programs underlying the developmental divergence between mouse and human embryogenesis}},
    year = {2013},
    journal = {BMC Genomics},
    author = {Xue, Lu and Cai, Jin Yang and Ma, Jian and Huang, Zan and Guo, Ming Xiong and Fu, Lie Zhen and Shi, Yun Bo and Li, Wen Xin},
    number = {1},
    month = {8},
    volume = {14},
    doi = {10.1186/1471-2164-14-568},
    issn = {14712164},
    pmid = {23961710},
    keywords = {Evolution, Human embryogenesis, Microarray, Mouse embryogenesis, Organogenesis, Protein interaction network}
}

@article{Santos2007,
    title = {{Growth factor-induced MAPK network topology shapes Erk response determining PC-12 cell fate}},
    year = {2007},
    journal = {Nature Cell Biology},
    author = {Santos, Silvia D M and Verveer, Peter J and Bastiaens, Philippe I H},
    number = {3},
    pages = {324--330},
    volume = {9},
    url = {https://doi.org/10.1038/ncb1543},
    doi = {10.1038/ncb1543},
    issn = {1476-4679}
}

@article{Regot2014,
    title = {{High-sensitivity measurements of multiple kinase activities in live single cells}},
    year = {2014},
    journal = {Cell},
    author = {Regot, Sergi and Hughey, Jacob J. and Bajar, Bryce T. and Carrasco, Silvia and Covert, Markus W.},
    number = {7},
    month = {6},
    pages = {1724--1734},
    volume = {157},
    publisher = {Elsevier B.V.},
    doi = {10.1016/j.cell.2014.04.039},
    issn = {10974172},
    pmid = {24949979}
}

@article{Toyooka2008,
    title = {{Identification and characterization of subpopulations in undifferentiated ES cell culture}},
    year = {2008},
    journal = {Development},
    author = {Toyooka, Yayoi and Shimosato, Daisuke and Murakami, Kazuhiro and Takahashi, Kadue and Niwa, Hitoshi},
    number = {5},
    month = {3},
    pages = {909--918},
    volume = {135},
    doi = {10.1242/dev.017400},
    issn = {09501991},
    pmid = {18263842},
    keywords = {ES cell, Mouse, Oct3/4 (Pou5f1), Reversibility, Rex1 (Zfp42), Subpopulation}
}

@article{Rueden2017,
    title = {{ImageJ2: ImageJ for the next generation of scientific image data}},
    year = {2017},
    journal = {BMC Bioinformatics},
    author = {Rueden, Curtis T. and Schindelin, Johannes and Hiner, Mark C. and DeZonia, Barry E. and Walter, Alison E. and Arena, Ellen T. and Eliceiri, Kevin W.},
    number = {1},
    month = {12},
    pages = {529},
    volume = {18},
    doi = {10.1186/s12859-017-1934-z},
    issn = {1471-2105}
}

@article{Keller1995,
    title = {{In vitro differentiation of embryonic stem cells}},
    year = {1995},
    journal = {Current Opinion in Cell Biology},
    author = {Keller, Gordon M},
    number = {6},
    month = {1},
    pages = {862--869},
    volume = {7},
    doi = {10.1016/0955-0674(95)80071-9},
    issn = {09550674}
}

@article{Wray2011,
    title = {{Inhibition of glycogen synthase kinase-3 alleviates Tcf3 repression of the pluripotency network and increases embryonic stem cell resistance to differentiation}},
    year = {2011},
    journal = {Nature Cell Biology},
    author = {Wray, Jason and Kalkan, Tüzer and Gomez-Lopez, Sandra and Eckardt, Dominik and Cook, Andrew and Kemler, Rolf and Smith, Austin},
    number = {7},
    month = {7},
    pages = {838--845},
    volume = {13},
    doi = {10.1038/ncb2267},
    issn = {1465-7392}
}

@article{Smith1988,
    title = {{Inhibition of pluripotential embryonic stem cell differentiation by purified polypeptides}},
    year = {1988},
    journal = {Nature},
    author = {Smith, Austin G. and Heath, John K. and Donaldson, Deborah D. and Wong, Gordon G. and Moreau, J. and Stahl, Mark and Rogers, David},
    number = {6200},
    month = {12},
    pages = {688--690},
    volume = {336},
    doi = {10.1038/336688a0},
    issn = {0028-0836}
}

@article{Grieco2013,
    title = {{Integrative Modelling of the Influence of MAPK Network on Cancer Cell Fate Decision}},
    year = {2013},
    journal = {PLoS Computational Biology},
    author = {Grieco, Luca and Calzone, Laurence and Bernard-Pierrot, Isabelle and Radvanyi, François and Kahn-Perl{\`{e}}s, Brigitte and Thieffry, Denis},
    number = {10},
    month = {10},
    pages = {e1003286},
    volume = {9},
    doi = {10.1371/journal.pcbi.1003286},
    issn = {1553-7358}
}

@article{Hiratsuka2015,
    title = {{Intercellular propagation of extracellular signal-regulated kinase activation revealed by in vivo imaging of mouse skin}},
    year = {2015},
    journal = {eLife},
    author = {Hiratsuka, Toru and Fujita, Yoshihisa and Naoki, Honda and Aoki, Kazuhiro and Kamioka, Yuji and Matsuda, Michiyuki},
    number = {4},
    month = {2},
    volume = {2015},
    publisher = {eLife Sciences Publications Ltd},
    doi = {10.7554/eLife.05178},
    issn = {2050084X},
    pmid = {25668746}
}

@article{Fabris2022,
    title = {{Intermittent ERK oscillations downstream of FGF in mouse embryonic stem cells}},
    year = {2022},
    journal = {Development},
    author = {Fabris, Fiorella and Raina, Dhruv and Morelli, Luis G. and Schr{\"{o}}ter, Christian},
    number = {4},
    month = {2},
    volume = {149},
    doi = {10.1242/dev.199710},
    issn = {0950-1991}
}

@article{Inoue2014,
    title = {{iPS cells: a game changer for future medicine}},
    year = {2014},
    journal = {The EMBO Journal},
    author = {Inoue, H. and Nagata, N. and Kurokawa, H. and Yamanaka, S.},
    number = {5},
    month = {3},
    pages = {409--417},
    volume = {33},
    doi = {10.1002/embj.201387098},
    issn = {0261-4189}
}

@article{Martin1981,
    title = {{Isolation of a pluripotent cell line from early mouse embryos cultured in medium conditioned by teratocarcinoma stem cells.}},
    year = {1981},
    journal = {Proceedings of the National Academy of Sciences},
    author = {Martin, G R},
    number = {12},
    month = {12},
    pages = {7634--7638},
    volume = {78},
    url = {https://pnas.org/doi/full/10.1073/pnas.78.12.7634},
    doi = {10.1073/pnas.78.12.7634},
    issn = {0027-8424}
}

@article{Guo2009,
    title = {{Klf4 reverts developmentally programmed restriction of ground state pluripotency}},
    year = {2009},
    journal = {Development},
    author = {Guo, Ge and Yang, Jian and Nichols, Jennifer and Hall, John Simon and Eyres, Isobel and Mansfield, William and Smith, Austin},
    number = {7},
    month = {4},
    pages = {1063--1069},
    volume = {136},
    doi = {10.1242/dev.030957},
    issn = {09501991},
    pmid = {19224983},
    keywords = {Chimaera, Embryonic stem (ES) cell, Induced pluripotent stem (iPS) cell, Leukaemia inhibitory factor (Lif)Reprogramming, Mitogen-activated proteinkinase (Erk) kinase (Mek/Mkk)}
}

@article{Morgani2015,
    title = {{LIF supports primitive endoderm expansion during pre-implantation development}},
    year = {2015},
    journal = {Development},
    author = {Morgani, Sophie M. and Brickman, Joshua M.},
    month = {1},
    doi = {10.1242/dev.125021},
    issn = {1477-9129}
}

@article{Kang2017,
    title = {{Lineage Establishment and Progression within the Inner Cell Mass of the Mouse Blastocyst Requires FGFR1 and FGFR2}},
    year = {2017},
    journal = {Developmental Cell},
    author = {Kang, Minjung and Garg, Vidur and Hadjantonakis, Anna Katerina},
    number = {5},
    month = {6},
    pages = {496--510},
    volume = {41},
    publisher = {Cell Press},
    doi = {10.1016/j.devcel.2017.05.003},
    issn = {18781551},
    pmid = {28552559},
    keywords = {FGF, GATA6, NANOG, blastocyst, epiblast, inner cell mass, pluripotency, primitive endoderm, quantitative image analysis, single-cell transcriptomics}
}

@article{Deathridge2019,
    title = {{Live imaging of ERK signaling dynamics in differentiating mouse embryonic stem cells}},
    year = {2019},
    journal = {Development},
    author = {Deathridge, Julia and Antolovi{\'{c}}, Vlatka and Parsons, Maddy and Chubb, Jonathan R.},
    number = {12},
    month = {1},
    volume = {146},
    publisher = {Company of Biologists Ltd},
    url = {https://journals.biologists.com/dev/article/doi/10.1242/dev.172940/264859/Live-imaging-of-ERK-signaling-dynamics-in},
    doi = {10.1242/dev.172940},
    issn = {1477-9129},
    keywords = {ERK, Epigenetic inheritance, FRET, Nanog, Single cell, Stem cells}
}

@article{Simon2020,
    title = {{Live Visualization of ERK Activity in the Mouse Blastocyst Reveals Lineage-Specific Signaling Dynamics}},
    year = {2020},
    journal = {Developmental Cell},
    author = {Simon, Claire S. and Rahman, Shahadat and Raina, Dhruv and Schr{\"{o}}ter, Christian and Hadjantonakis, Anna Katerina},
    number = {3},
    month = {11},
    pages = {341--353},
    volume = {55},
    publisher = {Cell Press},
    doi = {10.1016/j.devcel.2020.09.030},
    issn = {18781551},
    pmid = {33091370},
    keywords = {ERK, FGF, biosensor, blastocyst, dynamics, inner cell mass, signaling, trophectoderm}
}

@article{Ohtsuka2008,
    title = {{Molecular and biological properties of pluripotent embryonic stem cells}},
    year = {2008},
    journal = {Gene Therapy},
    author = {Ohtsuka, S and Dalton, S},
    number = {2},
    pages = {74--81},
    volume = {15},
    url = {https://doi.org/10.1038/sj.gt.3303065},
    doi = {10.1038/sj.gt.3303065},
    issn = {1476-5462}
}

@book{Alberts2008,
    title = {{Molecular biology of the cell}},
    year = {2008},
    author = {Alberts, Bruce and Johnson, Alexander and Lewis, Julian and Morgan, David and Raff, Martin and Roberts, Keith and Walter, Peter and Wilson, John and Hunt, Tim},
    edition = {5}
}

@article{Zhang2021,
    title = {{Mouse aging cell atlas analysis reveals global and cell type-specific aging signatures}},
    year = {2021},
    journal = {eLife},
    author = {Zhang, Martin Jinye and Pisco, Angela Oliveira and Darmanis, Spyros and Zou, James},
    month = {4},
    pages = {e62293},
    volume = {10},
    doi = {10.7554/eLife.62293},
    issn = {2050-084X}
}

@article{Gardner1968,
    title = {{Mouse Chimaeras obtained by the Injection of Cells into the Blastocyst}},
    year = {1968},
    journal = {Nature},
    author = {Gardner, Richard Lavenham},
    number = {5167},
    month = {11},
    pages = {596--597},
    volume = {220},
    doi = {10.1038/220596a0},
    issn = {0028-0836}
}

@article{Chambers2007,
    title = {{Nanog safeguards pluripotency and mediates germline development}},
    year = {2007},
    journal = {Nature},
    author = {Chambers, Ian and Silva, Jose and Colby, Douglas and Nichols, Jennifer and Nijmeijer, Bianca and Robertson, Morag and Vrana, Jan and Jones, Ken and Grotewold, Lars and Smith, Austin},
    number = {7173},
    pages = {1230--1234},
    volume = {450},
    url = {https://doi.org/10.1038/nature06403},
    doi = {10.1038/nature06403},
    issn = {1476-4687}
}

@article{Lake2016,
    title = {{Negative feedback regulation of the ERK1/2 MAPK pathway}},
    year = {2016},
    journal = {Cellular and Molecular Life Sciences},
    author = {Lake, David and Corr{\^{e}}a, Sonia A. L. and M{\"{u}}ller, Jürgen},
    number = {23},
    month = {12},
    pages = {4397--4413},
    volume = {73},
    publisher = {Birkhauser Verlag AG},
    url = {http://link.springer.com/10.1007/s00018-016-2297-8},
    doi = {10.1007/s00018-016-2297-8},
    issn = {1420-682X},
    keywords = {Cancer, Cell signalling, Negative feedback, Pathway modelling, Signalling dynamics, Spatiotemporal regulation}
}

@article{Nett2018,
    title = {{Negative feedback via RSK modulates Erk-dependent progression from na{\"{i}}ve pluripotency}},
    year = {2018},
    journal = {EMBO reports},
    author = {Nett, Isabelle RE and Mulas, Carla and Gatto, Laurent and Lilley, Kathryn S and Smith, Austin},
    number = {8},
    month = {8},
    volume = {19},
    doi = {10.15252/embr.201745642},
    issn = {1469-221X}
}

@article{Ekerot2008,
    title = {{Negative-feedback regulation of FGF signalling by DUSP6/MKP-3 is driven by ERK1/2 and mediated by Ets factor binding to a conserved site within the DUSP6/MKP-3 gene promoter}},
    year = {2008},
    journal = {Biochemical Journal},
    author = {Ekerot, Maria and Stavridis, Marios P. and Delavaine, Laurent and Mitchell, Michael P. and Staples, Christopher and Owens, David M. and Keenan, Iain D. and Dickinson, Robin J. and Storey, Kate G. and Keyse, Stephen M.},
    number = {2},
    month = {6},
    pages = {287--298},
    volume = {412},
    doi = {10.1042/BJ20071512},
    issn = {0264-6021}
}

@article{Shen2002,
    title = {{Network motifs in the transcriptional regulation network of Escherichia coli}},
    year = {2002},
    journal = {Nature Genetics},
    author = {Shen-Orr, Shai S. and Milo, Ron and Mangan, Shmoolik and Alon, Uri},
    number = {1},
    month = {5},
    pages = {64--68},
    volume = {31},
    doi = {10.1038/ng881},
    issn = {1061-4036}
}

@article{Milo2002,
    title = {{Network Motifs: Simple Building Blocks of Complex Networks}},
    year = {2002},
    journal = {Science},
    author = {Milo, R. and Shen-Orr, S. and Itzkovitz, S. and Kashtan, N. and Chklovskii, D. and Alon, U.},
    number = {5594},
    month = {10},
    pages = {824--827},
    volume = {298},
    doi = {10.1126/science.298.5594.824},
    issn = {0036-8075}
}

@article{Alon2007,
    title = {{Network motifs: theory and experimental approaches}},
    year = {2007},
    journal = {Nature Reviews Genetics},
    author = {Alon, Uri},
    number = {6},
    month = {6},
    pages = {450--461},
    volume = {8},
    doi = {10.1038/nrg2102},
    issn = {1471-0056}
}

@article{Tesar2007,
    title = {{New cell lines from mouse epiblast share defining features with human embryonic stem cells}},
    year = {2007},
    journal = {Nature},
    author = {Tesar, Paul J. and Chenoweth, Josh G. and Brook, Frances A. and Davies, Timothy J. and Evans, Edward P. and Mack, David L. and Gardner, Richard L. and McKay, Ronald D. G.},
    number = {7150},
    month = {7},
    pages = {196--199},
    volume = {448},
    doi = {10.1038/nature05972},
    issn = {0028-0836}
}

@article{Tsimiring2014,
    title = {{Noise in biology}},
    year = {2014},
    journal = {Reports on Progress in Physics},
    author = {Tsimring, Lev S},
    number = {2},
    month = {2},
    pages = {026601},
    volume = {77},
    doi = {10.1088/0034-4885/77/2/026601},
    issn = {0034-4885}
}

@book{Strogatz1994,
    title = {{Nonlinear dynamics and chaos : with applications to physics, biology, chemistry, and engineering}},
    year = {1994},
    author = {Strogatz, Steven H.},
    edition = {2},
    publisher = {Westview Press},
    url = {https://search.library.wisc.edu/catalog/9910223127702121}
}

@article{Filippi2013,
    title = {{On optimality of kernels for approximate Bayesian computation using sequential Monte Carlo}},
    year = {2013},
    journal = {Statistical Applications in Genetics and Molecular Biology},
    author = {Filippi, Sarah and Barnes, Chris P. and Cornebise, Julien and Stumpf, Michael P.H.},
    number = {1},
    month = {1},
    volume = {12},
    doi = {10.1515/sagmb-2012-0069},
    issn = {1544-6115}
}

@article{Butterworth1930,
    title = {{On the Theory of Filter Amplifiers}},
    year = {1930},
    journal = {Experimental Wireless {\&} the Wireless Engineer},
    author = {Butterworth, S},
    month = {10},
    pages = {536--541},
    volume = {7}
}

@article{Monke2020,
    title = {{Optimal time frequency analysis for biological data - pyBOAT}},
    year = {2020},
    journal = {bioRxiv},
    author = {M{\"{o}}nke, Gregor and Sorgenfrei, Frieda A and Schmal, Christoph and Granada, Adrián E},
    month = {1},
    pages = {2020.04.29.067744},
    url = {http://biorxiv.org/content/early/2020/06/04/2020.04.29.067744.abstract},
    doi = {10.1101/2020.04.29.067744}
}

@article{Dessauges2022,
    title = {{Optogenetic actuator – ERK biosensor circuits identify MAPK network nodes that shape ERK dynamics}},
    year = {2022},
    journal = {Molecular Systems Biology},
    author = {Dessauges, Coralie and Mikelson, Jan and Dobrzy{\'{n}}ski, Maciej and Jacques, Marc‐Antoine and Frismantiene, Agne and Gagliardi, Paolo Armando and Khammash, Mustafa and Pertz, Olivier},
    number = {6},
    month = {6},
    volume = {18},
    doi = {10.15252/msb.202110670},
    issn = {1744-4292}
}

@article{Gardner1983,
    title = {{Origin and differentiation of extraembryonic tissues in the mouse.}},
    year = {1983},
    journal = {International review of experimental pathology},
    author = {Gardner, R L},
    pages = {63--133},
    volume = {24},
    issn = {0074-7718},
    pmid = {6302028}
}

@article{Webb2016,
    title = {{Persistence, period and precision of autonomous cellular oscillators from the zebrafish segmentation clock}},
    year = {2016},
    author = {Webb, Alexis B and Lengyel, M and J{\"{o}} Rg, David J and Valentin, Guillaume and J{\"{u}} Licher, Frank and Morelli, Luis G and Oates, Andrew C},
    doi = {10.7554/eLife.08438.001}
}

@article{Rosen1983,
    title = {{Phosphorylation activates the insulin receptor tyrosine protein kinase.}},
    year = {1983},
    journal = {Proceedings of the National Academy of Sciences},
    author = {Rosen, O M and Herrera, R and Olowe, Y and Petruzzelli, L M and Cobb, M H},
    number = {11},
    month = {6},
    pages = {3237--3240},
    volume = {80},
    doi = {10.1073/pnas.80.11.3237},
    issn = {0027-8424}
}

@book{Frodesen1979,
    title = {{Probability and Statistics in Particle Physics}},
    year = {1979},
    author = {Frodesen, A G and Skjeggestad, O and Tofte, H},
    publisher = {Universitetsforlaget},
    address = {Bergen, Norway},
    isbn = {978-82-00-01906-0}
}

@article{Aoki2017,
    title = {{Propagating Wave of ERK Activation Orients Collective Cell Migration}},
    year = {2017},
    journal = {Developmental Cell},
    author = {Aoki, Kazuhiro and Kondo, Yohei and Naoki, Honda and Hiratsuka, Toru and Itoh, Reina E. and Matsuda, Michiyuki},
    number = {3},
    month = {11},
    pages = {305--317},
    volume = {43},
    publisher = {Cell Press},
    doi = {10.1016/j.devcel.2017.10.016},
    issn = {18781551},
    pmid = {29112851},
    keywords = {ERK, FRET, collective cell migration, force, mathematical model, myosin light chain, simulation}
}

@article{Pawson2005,
    title = {{Protein phosphorylation in signaling – 50 years and counting}},
    year = {2005},
    journal = {Trends in Biochemical Sciences},
    author = {Pawson, Tony and Scott, John D.},
    number = {6},
    month = {6},
    pages = {286--290},
    volume = {30},
    doi = {10.1016/j.tibs.2005.04.013},
    issn = {09680004}
}

@article{Klinger2018,
    title = {{pyABC: distributed, likelihood-free inference}},
    year = {2018},
    journal = {Bioinformatics},
    author = {Klinger, Emmanuel and Rickert, Dennis and Hasenauer, Jan},
    number = {20},
    month = {10},
    pages = {3591--3593},
    volume = {34},
    doi = {10.1093/bioinformatics/bty361},
    issn = {1367-4803}
}

@article{Shankaran2009,
    title = {{Rapid and sustained nuclear-cytoplasmic ERK oscillations induced by epidermal growth factor}},
    year = {2009},
    journal = {Molecular Systems Biology},
    author = {Shankaran, Harish and Ippolito, Danielle L. and Chrisler, William B. and Resat, Haluk and Bollinger, Nikki and Opresko, Lee K. and Wiley, H. Steven},
    month = {1},
    volume = {5},
    doi = {10.1038/msb.2009.90},
    issn = {17444292},
    pmid = {19953086},
    keywords = {Cell signaling, Feedback, MAPK, Mathematical modeling, Microscopy}
}

@article{Sparta2015,
    title = {{Receptor level mechanisms are required for epidermal growth factor (EGF)-stimulated extracellular signal-regulated kinase (ERK) activity pulses}},
    year = {2015},
    journal = {Journal of Biological Chemistry},
    author = {Sparta, Breanne and Pargett, Michael and Minguet, Marta and Distor, Kevin and Bell, George and Albeck, John G.},
    number = {41},
    month = {10},
    pages = {24784--24792},
    volume = {290},
    publisher = {American Society for Biochemistry and Molecular Biology Inc.},
    doi = {10.1074/jbc.M115.662247},
    issn = {1083351X},
    pmid = {26304118}
}

@article{Lavoie2015,
    title = {{Regulation of RAF protein kinases in ERK signalling}},
    year = {2015},
    journal = {Nature Reviews Molecular Cell Biology},
    author = {Lavoie, Hugo and Therrien, Marc},
    number = {5},
    month = {5},
    pages = {281--298},
    volume = {16},
    doi = {10.1038/nrm3979},
    issn = {1471-0072}
}

@article{Dougherty2005,
    title = {{Regulation of Raf-1 by Direct Feedback Phosphorylation}},
    year = {2005},
    journal = {Molecular Cell},
    author = {Dougherty, Michele K. and M{\"{u}}ller, Jürgen and Ritt, Daniel A. and Zhou, Ming and Zhou, Xiao Zhen and Copeland, Terry D. and Conrads, Thomas P. and Veenstra, Timothy D. and Lu, Kun Ping and Morrison, Deborah K.},
    number = {2},
    month = {1},
    pages = {215--224},
    volume = {17},
    doi = {10.1016/j.molcel.2004.11.055},
    issn = {10972765}
}

@article{Guo2010,
    title = {{Resolution of Cell Fate Decisions Revealed by Single-Cell Gene Expression Analysis from Zygote to Blastocyst}},
    year = {2010},
    journal = {Developmental Cell},
    author = {Guo, Guoji and Huss, Mikael and Tong, Guo Qing and Wang, Chaoyang and Li Sun, Li and Clarke, Neil D. and Robson, Paul},
    number = {4},
    month = {4},
    pages = {675--685},
    volume = {18},
    doi = {10.1016/j.devcel.2010.02.012},
    issn = {15345807}
}

@article{Ditzinger1994,
    title = {{Resonancelike responses of autonomous nonlinear systems to white noise}},
    year = {1994},
    journal = {Physical Review E},
    author = {Ditzinger, T. and Ning, C. Z. and Hu, G.},
    number = {5},
    month = {11},
    pages = {3508--3516},
    volume = {50},
    doi = {10.1103/PhysRevE.50.3508},
    issn = {1063-651X}
}

@article{Garreta2021,
    title = {{Rethinking organoid technology through bioengineering}},
    year = {2021},
    journal = {Nature Materials},
    author = {Garreta, Elena and Kamm, Roger D. and Chuva de Sousa Lopes, Susana M. and Lancaster, Madeline A. and Weiss, Ron and Trepat, Xavier and Hyun, Insoo and Montserrat, Nuria},
    number = {2},
    month = {2},
    pages = {145--155},
    volume = {20},
    doi = {10.1038/s41563-020-00804-4},
    issn = {1476-1122}
}

@article{Coumoul2003,
    title = {{Roles of FGF receptors in mammalian development and congenital diseases}},
    year = {2003},
    journal = {Birth Defects Research Part C: Embryo Today: Reviews},
    author = {Coumoul, Xavier and Deng, Chu-Xia},
    number = {4},
    month = {12},
    pages = {286--304},
    volume = {69},
    url = {https://onlinelibrary.wiley.com/doi/10.1002/bdrc.10025},
    doi = {10.1002/bdrc.10025},
    issn = {1542-975X}
}

@article{Virtanen2020,
    title = {{SciPy 1.0: fundamental algorithms for scientific computing in Python}},
    year = {2020},
    journal = {Nature Methods},
    author = {Virtanen, Pauli and Gommers, Ralf and Oliphant, Travis E. and Haberland, Matt and Reddy, Tyler and Cournapeau, David and Burovski, Evgeni and Peterson, Pearu and Weckesser, Warren and Bright, Jonathan and van der Walt, Stéfan J. and Brett, Matthew and Wilson, Joshua and Millman, K. Jarrod and Mayorov, Nikolay and Nelson, Andrew R. J. and Jones, Eric and Kern, Robert and Larson, Eric and Carey, C J and Polat, İlhan and Feng, Yu and Moore, Eric W. and VanderPlas, Jake and Laxalde, Denis and Perktold, Josef and Cimrman, Robert and Henriksen, Ian and Quintero, E. A. and Harris, Charles R. and Archibald, Anne M. and Ribeiro, Antônio H. and Pedregosa, Fabian and van Mulbregt, Paul and Vijaykumar, Aditya and Bardelli, Alessandro Pietro and Rothberg, Alex and Hilboll, Andreas and Kloeckner, Andreas and Scopatz, Anthony and Lee, Antony and Rokem, Ariel and Woods, C. Nathan and Fulton, Chad and Masson, Charles and H{\"{a}}ggstr{\"{o}}m, Christian and Fitzgerald, Clark and Nicholson, David A. and Hagen, David R. and Pasechnik, Dmitrii V. and Olivetti, Emanuele and Martin, Eric and Wieser, Eric and Silva, Fabrice and Lenders, Felix and Wilhelm, Florian and Young, G. and Price, Gavin A. and Ingold, Gert-Ludwig and Allen, Gregory E. and Lee, Gregory R. and Audren, Hervé and Probst, Irvin and Dietrich, Jörg P. and Silterra, Jacob and Webber, James T and Slavi{\v{c}}, Janko and Nothman, Joel and Buchner, Johannes and Kulick, Johannes and Sch{\"{o}}nberger, Johannes L. and de Miranda Cardoso, José Vinícius and Reimer, Joscha and Harrington, Joseph and Rodr{\'{i}}guez, Juan Luis Cano and Nunez-Iglesias, Juan and Kuczynski, Justin and Tritz, Kevin and Thoma, Martin and Newville, Matthew and K{\"{u}}mmerer, Matthias and Bolingbroke, Maximilian and Tartre, Michael and Pak, Mikhail and Smith, Nathaniel J. and Nowaczyk, Nikolai and Shebanov, Nikolay and Pavlyk, Oleksandr and Brodtkorb, Per A. and Lee, Perry and McGibbon, Robert T. and Feldbauer, Roman and Lewis, Sam and Tygier, Sam and Sievert, Scott and Vigna, Sebastiano and Peterson, Stefan and More, Surhud and Pudlik, Tadeusz and Oshima, Takuya and Pingel, Thomas J. and Robitaille, Thomas P. and Spura, Thomas and Jones, Thouis R. and Cera, Tim and Leslie, Tim and Zito, Tiziano and Krauss, Tom and Upadhyay, Utkarsh and Halchenko, Yaroslav O. and V{\'{a}}zquez-Baeza, Yoshiki},
    number = {3},
    month = {3},
    pages = {261--272},
    volume = {17},
    doi = {10.1038/s41592-019-0686-2},
    issn = {1548-7091}
}

@article{MartinezCorral2018,
    title = {{Self-Amplifying Pulsatile Protein Dynamics without Positive Feedback}},
    year = {2018},
    journal = {Cell Systems},
    author = {Martinez-Corral, Rosa and Raimundez, Elba and Lin, Yihan and Elowitz, Michael B. and Garcia-Ojalvo, Jordi},
    number = {4},
    month = {10},
    pages = {453--462},
    volume = {7},
    publisher = {Cell Press},
    doi = {10.1016/j.cels.2018.08.012},
    issn = {24054720},
    pmid = {30316816},
    keywords = {biological noise, cell signaling dynamics, cellular oscillations, feedback, protein activation, protein activity pulses, ultrasensitivity}
}

@article{Casani2022,
    title = {{Signaling oscillations: Molecular mechanisms and functional roles}},
    year = {2022},
    journal = {Current Opinion in Cell Biology},
    author = {Casani-Galdon, Pablo and Garcia-Ojalvo, Jordi},
    month = {10},
    pages = {102130},
    volume = {78},
    doi = {10.1016/j.ceb.2022.102130},
    issn = {09550674}
}

@article{Toni2010,
    title = {{Simulation-based model selection for dynamical systems in systems and population biology}},
    year = {2010},
    journal = {Bioinformatics},
    author = {Toni, Tina and Stumpf, Michael P. H.},
    number = {1},
    month = {1},
    pages = {104--110},
    volume = {26},
    doi = {10.1093/bioinformatics/btp619},
    issn = {1460-2059}
}

@article{Tyson2003,
    title = {{Sniffers, buzzers, toggles and blinkers: dynamics of regulatory and signaling pathways in the cell}},
    year = {2003},
    journal = {Current Opinion in Cell Biology},
    author = {Tyson, John J and Chen, Katherine C and Novak, Bela},
    number = {2},
    month = {4},
    pages = {221--231},
    volume = {15},
    doi = {10.1016/S0955-0674(03)00017-6},
    issn = {09550674}
}

@article{Costa2021,
    title = {{Spatiotemporal control of cell cycle acceleration during axolotl spinal cord regeneration}},
    year = {2021},
    journal = {eLife},
    author = {Cura Costa, Emanuel and Otsuki, Leo and Rodrigo Albors, Aida and Tanaka, Elly M and Chara, Osvaldo},
    month = {5},
    pages = {e55665},
    volume = {10},
    doi = {10.7554/eLife.55665},
    issn = {2050-084X}
}

@incollection{SanMiguel2000,
    title = {{Stochastic Effects in Physical Systems}},
    year = {2000},
    author = {San Miguel, Maxi and Toral, Raúl},
    pages = {35--127},
    doi = {10.1007/978-94-011-4247-2{\_}2}
}

@article{Aoki2013,
    title = {{Stochastic ERK activation induced by noise and cell-to-cell propagation regulates cell density-dependent proliferation}},
    year = {2013},
    journal = {Molecular Cell},
    author = {Aoki, Kazuhiro and Kumagai, Yuka and Sakurai, Atsuro and Komatsu, Naoki and Fujita, Yoshihisa and Shionyu, Clara and Matsuda, Michiyuki},
    number = {4},
    pages = {529--540},
    volume = {52},
    publisher = {Elsevier},
    url = {http://dx.doi.org/10.1016/j.molcel.2013.09.015},
    doi = {10.1016/j.molcel.2013.09.015},
    pmid = {24140422},
    arxivId = {NIHMS150003}
}

@book{Gardiner,
    title = {{Stochastic Methods}},
    year = {2009},
    author = {Crispin, Gardiner},
    edition = {3},
    publisher = {Springer Berlin, Heidelberg},
    isbn = {3540208828}
}

@article{Gammaitoni1998,
    title = {{Stochastic resonance}},
    year = {1998},
    journal = {Reviews of Modern Physics},
    author = {Gammaitoni, Luca and H{\"{a}}nggi, Peter and Jung, Peter and Marchesoni, Fabio},
    number = {1},
    month = {1},
    pages = {223--287},
    volume = {70},
    doi = {10.1103/RevModPhys.70.223},
    issn = {0034-6861}
}

@article{Qian2000,
    title = {{Stochastic resonance on a circle without excitation: Physical investigation and peak frequency formula}},
    year = {2000},
    journal = {Physical Review E},
    author = {Qian, Min and Wang, Guan-Xiang and Zhang, Xue-Juan},
    number = {5},
    month = {11},
    pages = {6469--6474},
    volume = {62},
    doi = {10.1103/PhysRevE.62.6469},
    issn = {1063-651X}
}

@article{Nichols2009,
    title = {{Suppression of Erk signalling promotes ground state pluripotency in the mouse embryo}},
    year = {2009},
    journal = {Development},
    author = {Nichols, Jennifer and Silva, Jose and Roode, Mila and Smith, Austin},
    number = {19},
    month = {10},
    pages = {3215--3222},
    volume = {136},
    doi = {10.1242/dev.038893},
    issn = {1477-9129}
}

@article{Hiyama2007,
    title = {{Telomere and telomerase in stem cells}},
    year = {2007},
    journal = {British Journal of Cancer},
    author = {Hiyama, E and Hiyama, K},
    number = {7},
    month = {4},
    pages = {1020--1024},
    volume = {96},
    url = {http://www.nature.com/articles/6603671},
    doi = {10.1038/sj.bjc.6603671},
    issn = {0007-0920},
    keywords = {Cancer stem cell, Dyskeratosis congenita, Stem cell, Telomerase, Telomere}
}

@article{Blum2019,
    title = {{Temporal perturbation of ERK dynamics reveals network architecture of FGF2/MAPK signaling}},
    year = {2019},
    journal = {Molecular Systems Biology},
    author = {Blum, Yannick and Mikelson, Jan and Dobrzy{\'{n}}ski, Maciej and Ryu, Hyunryul and Jacques, Marc‐Antoine and Jeon, Noo Li and Khammash, Mustafa and Pertz, Olivier},
    number = {11},
    month = {11},
    volume = {15},
    publisher = {EMBO},
    doi = {10.15252/msb.20198947},
    issn = {1744-4292},
    pmid = {31777174}
}

@article{Boroviak2014,
    title = {{The ability of inner-cell-mass cells to self-renew as embryonic stem cells is acquired following epiblast specification}},
    year = {2014},
    journal = {Nature Cell Biology},
    author = {Boroviak, Thorsten and Loos, Remco and Bertone, Paul and Smith, Austin and Nichols, Jennifer},
    number = {6},
    pages = {513--525},
    volume = {16},
    publisher = {Nature Publishing Group},
    doi = {10.1038/ncb2965},
    issn = {14764679},
    pmid = {24859004}
}

@article{Kobashi2009,
    title = {{The cyclic gene Hes1 contributes to diverse differentiation responses of embryonic stem cells}},
    year = {2009},
    journal = {Genes {\&} Development},
    author = {Kobayashi, Taeko and Mizuno, Hiroaki and Imayoshi, Itaru and Furusawa, Chikara and Shirahige, Katsuhiko and Kageyama, Ryoichiro},
    number = {16},
    month = {8},
    pages = {1870--1875},
    volume = {23},
    doi = {10.1101/gad.1823109},
    issn = {0890-9369}
}

@article{Lemmon2016,
    title = {{The Dark Side of Cell Signaling: Positive Roles for Negative Regulators}},
    year = {2016},
    journal = {Cell},
    author = {Lemmon, Mark A. and Freed, Daniel M. and Schlessinger, Joseph and Kiyatkin, Anatoly},
    number = {6},
    month = {3},
    pages = {1172--1184},
    volume = {164},
    publisher = {Cell Press},
    url = {https://linkinghub.elsevier.com/retrieve/pii/S0092867416301970},
    doi = {10.1016/j.cell.2016.02.047},
    issn = {00928674}
}

@article{Ohtsuka2015,
    title = {{The differential activation of intracellular signaling pathways confers the permissiveness of embryonic stem cell derivation from different mouse strains}},
    year = {2015},
    journal = {Development},
    author = {Ohtsuka, Satoshi and Niwa, Hitoshi},
    edition = {2015/01/06},
    number = {3},
    month = {1},
    pages = {431--437},
    volume = {142},
    publisher = {The Company of Biologists},
    url = {https://journals.biologists.com/dev/article/doi/10.1242/dev.112375/258661/The-differential-activation-of-intracellular},
    doi = {10.1242/dev.112375},
    issn = {1477-9129},
    keywords = {Animals, DNA Primers/genetics, Embryonic Stem Cells/*physiology, Embryonic stem cell, Gene Expression Regulation, Developmental/genetics/*physiology, Janus Kinase 1/metabolism, LIF signaling, Leukemia Inhibitory Factor/*metabolism, MAP kinase, Mice, Mice, Mutant Strains, Real-Time Polymerase Chain Reaction, STAT3 Transcription Factor/metabolism, Signal Transduction/*physiology, Signal responsiveness, Species Specificity, Stat3},
    language = {eng}
}

@article{Moustafa1972,
    title = {{The fate of transplanted cells in mouse blastocysts in vitro}},
    year = {1972},
    journal = {Journal of Experimental Zoology},
    author = {Moustafa, Laila A. and Brinster, R. L.},
    number = {2},
    month = {8},
    pages = {181--191},
    volume = {181},
    doi = {10.1002/jez.1401810205},
    issn = {0022-104X}
}

@article{Ying2008,
    title = {{The ground state of embryonic stem cell self-renewal}},
    year = {2008},
    journal = {Nature},
    author = {Ying, Qi-Long and Wray, Jason and Nichols, Jennifer and Batlle-Morera, Laura and Doble, Bradley and Woodgett, James and Cohen, Philip and Smith, Austin},
    number = {7194},
    month = {5},
    pages = {519--523},
    volume = {453},
    doi = {10.1038/nature06968},
    issn = {0028-0836}
}

@article{Wray2010,
    title = {{The ground state of pluripotency}},
    year = {2010},
    journal = {Biochemical Society Transactions},
    author = {Wray, Jason and Kalkan, Tuzer and Smith, Austin G.},
    number = {4},
    month = {8},
    pages = {1027--1032},
    volume = {38},
    doi = {10.1042/BST0381027},
    issn = {0300-5127}
}

@article{Sturm2010,
    title = {{The Mammalian MAPK/ERK Pathway Exhibits Properties of a Negative Feedback Amplifier}},
    year = {2010},
    journal = {Science Signaling},
    author = {Sturm, Oliver E and Orton, Richard and Grindlay, Joan and Birtwistle, Marc and Vyshemirsky, Vladislav and Gilbert, David and Calder, Muffy and Pitt, Andrew and Kholodenko, Boris and Kolch, Walter},
    number = {153},
    pages = {ra90-ra90},
    volume = {3},
    url = {https://www.science.org/doi/abs/10.1126/scisignal.2001212},
    doi = {10.1126/scisignal.2001212}
}

@article{Marks2012,
    title = {{The transcriptional and epigenomic foundations of ground state pluripotency}},
    year = {2012},
    journal = {Cell},
    author = {Marks, Hendrik and Kalkan, Tüzer and Menafra, Roberta and Denissov, Sergey and Jones, Kenneth and Hofemeister, Helmut and Nichols, Jennifer and Kranz, Andrea and Francis Stewart, A. and Smith, Austin and Stunnenberg, Hendrik G.},
    number = {3},
    month = {4},
    pages = {590--604},
    volume = {149},
    publisher = {Elsevier B.V.},
    doi = {10.1016/j.cell.2012.03.026},
    issn = {10974172},
    pmid = {22541430}
}

@article{Kojima2014,
    title = {{The Transcriptional and Functional Properties of Mouse Epiblast Stem Cells Resemble the Anterior Primitive Streak}},
    year = {2014},
    journal = {Cell Stem Cell},
    author = {Kojima, Yoji and Kaufman-Francis, Keren and Studdert, Joshua B. and Steiner, Kirsten A. and Power, Melinda D. and Loebel, David A.F. and Jones, Vanessa and Hor, Angelyn and de Alencastro, Gustavo and Logan, Grant J. and Teber, Erdahl T. and Tam, Oliver H. and Stutz, Michael D. and Alexander, Ian E. and Pickett, Hilda A. and Tam, Patrick P.L.},
    number = {1},
    month = {1},
    pages = {107--120},
    volume = {14},
    doi = {10.1016/j.stem.2013.09.014},
    issn = {19345909}
}

@article{Morgani2013,
    title = {{Totipotent Embryonic Stem Cells Arise in Ground-State Culture Conditions}},
    year = {2013},
    journal = {Cell Reports},
    author = {Morgani, Sophie M. and Canham, Maurice A. and Nichols, Jennifer and Sharov, Alexei A. and Migueles, Rosa Portero and Ko, Minoru S.H. and Brickman, Joshua M.},
    number = {6},
    month = {6},
    pages = {1945--1957},
    volume = {3},
    doi = {10.1016/j.celrep.2013.04.034},
    issn = {22111247}
}

@article{Kalkan2017,
    title = {{Tracking the embryonic stem cell transition from ground state pluripotency}},
    year = {2017},
    journal = {Development},
    author = {Kalkan, Tüzer and Olova, Nelly and Roode, Mila and Mulas, Carla and Lee, Heather J. and Nett, Isabelle and Marks, Hendrik and Walker, Rachael and Stunnenberg, Hendrik G. and Lilley, Kathryn S. and Nichols, Jennifer and Reik, Wolf and Bertone, Paul and Smith, Austin},
    number = {7},
    month = {1},
    pages = {1221--1234},
    volume = {144},
    publisher = {Company of Biologists Ltd},
    url = {https://journals.biologists.com/dev/article/doi/10.1242/dev.142711/264306/Tracking-the-embryonic-stem-cell-transition-from},
    doi = {10.1242/dev.142711},
    issn = {1477-9129},
    keywords = {ES cells, Epiblast, Methylome, Pluripotency, Rex1, Transcriptome}
}

@article{Tinevez2017,
    title = {{TrackMate: An open and extensible platform for single-particle tracking}},
    year = {2017},
    journal = {Methods},
    author = {Tinevez, Jean-Yves and Perry, Nick and Schindelin, Johannes and Hoopes, Genevieve M. and Reynolds, Gregory D. and Laplantine, Emmanuel and Bednarek, Sebastian Y. and Shorte, Spencer L. and Eliceiri, Kevin W.},
    month = {2},
    pages = {80--90},
    volume = {115},
    doi = {10.1016/j.ymeth.2016.09.016},
    issn = {10462023}
}

@article{Huang1996,
    title = {{Ultrasensitivity in the mitogen-activated protein kinase cascade.}},
    year = {1996},
    journal = {Proceedings of the National Academy of Sciences},
    author = {Huang, C Y and Ferrell, J E},
    number = {19},
    month = {9},
    pages = {10078--10083},
    volume = {93},
    doi = {10.1073/pnas.93.19.10078},
    issn = {0027-8424}
}

@article{Miyawaki2003,
    title = {{Visualization of the Spatial and Temporal Dynamics of Intracellular Signaling}},
    year = {2003},
    journal = {Developmental Cell},
    author = {Miyawaki, Atsushi},
    number = {3},
    month = {3},
    pages = {295--305},
    volume = {4},
    doi = {10.1016/S1534-5807(03)00060-1},
    issn = {15345807}
}

@article{Tunnacliffe2020,
    title = {{What Is a Transcriptional Burst?}},
    year = {2020},
    journal = {Trends in Genetics},
    author = {Tunnacliffe, Edward and Chubb, Jonathan R},
    number = {4},
    month = {4},
    pages = {288--297},
    volume = {36},
    publisher = {Elsevier},
    url = {https://doi.org/10.1016/j.tig.2020.01.003},
    doi = {10.1016/j.tig.2020.01.003},
    issn = {0168-9525}
}

@article{Schlessinger2000CrystalDimerization,
    title = {{Crystal Structure of a Ternary FGF-FGFR-Heparin Complex Reveals a Dual Role for Heparin in FGFR Binding and Dimerization}},
    year = {2000},
    journal = {Molecular Cell},
    author = {Schlessinger, Joseph and Plotnikov, Alexander N. and Ibrahimi, Omar A. and Eliseenkova, Anna V. and Yeh, Brian K. and Yayon, Avner and Linhardt, Robert J. and Mohammadi, Moosa},
    number = {3},
    month = {9},
    pages = {743--750},
    volume = {6},
    doi = {10.1016/S1097-2765(00)00073-3},
    issn = {10972765}
}

@book{Alberts2008MolecularCell,
    title = {{Molecular biology of the cell}},
    year = {2008},
    author = {Alberts, Bruce and Johnson, Alexander and Lewis, Julian and Morgan, David and Raff, Martin and Roberts, Keith and Walter, Peter and Wilson, John and Hunt, Tim},
    edition = {5}
}

@article{Kholodenko2000NegativeCascades,
    title = {{Negative feedback and ultrasensitivity can bring about oscillations in the mitogen-activated protein kinase cascades}},
    year = {2000},
    journal = {European Journal of Biochemistry},
    author = {Kholodenko, Boris N.},
    number = {6},
    month = {3},
    pages = {1583--1588},
    volume = {267},
    doi = {10.1046/j.1432-1327.2000.01197.x},
    issn = {00142956}
}

@article{Lavoie2015RegulationSignalling,
    title = {{Regulation of RAF protein kinases in ERK signalling}},
    year = {2015},
    journal = {Nature Reviews Molecular Cell Biology},
    author = {Lavoie, Hugo and Therrien, Marc},
    number = {5},
    month = {5},
    pages = {281--298},
    volume = {16},
    doi = {10.1038/nrm3979},
    issn = {1471-0072}
}

@article{Sturm2010TheAmplifier,
    title = {{The Mammalian MAPK/ERK Pathway Exhibits Properties of a Negative Feedback Amplifier}},
    year = {2010},
    journal = {Science Signaling},
    author = {Sturm, Oliver E. and Orton, Richard and Grindlay, Joan and Birtwistle, Marc and Vyshemirsky, Vladislav and Gilbert, David and Calder, Muffy and Pitt, Andrew and Kholodenko, Boris and Kolch, Walter},
    number = {153},
    month = {12},
    volume = {3},
    doi = {10.1126/scisignal.2001212},
    issn = {1945-0877}
}

@article{Ma1992TranscriptionalLines,
    title = {{Transcriptional regulation of the murine k-FGF gene in embryonic cell lines}},
    year = {1992},
    journal = {Developmental Biology},
    author = {Ma, Yan-Gao and Rosfjord, Edward and Huebert, Claire and Wilder, Phillip and Tiesman, Jay and Kelly, David and Rizzino, Angie},
    number = {1},
    month = {11},
    pages = {45--54},
    volume = {154},
    doi = {10.1016/0012-1606(92)90046-J},
    issn = {00121606}
}